% Put you own bibliography entries in this file


%%%%%%%%%%%%%%%%%%%%%%%%%%%%%%%%%%%
% Introduction
%%%%%%%%%%%%%%%%%%%%%%%%%%%%%%%%%%%

@article{Aad:2012tfa,
      xauthor         = "Aad, Georges and others",
      title          = "{Observation of a new particle in the search for the Standard Model Higgs boson with the ATLAS detector at the LHC}",
      author  = "{ATLAS Collaboration}",
      journal        = "Phys. Lett. B",
      volume         = "716",
      pages          = "1",
      doi            = "10.1016/j.physletb.2012.08.020",
      year           = "2012",
      eprint         = "1207.7214",
      archivePrefix  = "arXiv",
      primaryClass   = "hep-ex",
      reportNumber   = "CERN-PH-EP-2012-218",
      SLACcitation   = "%%CITATION = ARXIV:1207.7214;%%",
}

@article{Chatrchyan:2012ufa,
      xauthor         = "Chatrchyan, Serguei and others",
      title          = "Observation of a new boson at a mass of 125 GeV with the CMS experiment at the LHC",
      author  = "{CMS Collaboration}",
      journal        = "Phys. Lett. B",
      volume         = "716",
      pages          = "30",
      doi            = "10.1016/j.physletb.2012.08.021",
      year           = "2012",
      eprint         = "1207.7235",
      archivePrefix  = "arXiv",
      primaryClass   = "hep-ex",
      reportNumber   = "CMS-HIG-12-028, CERN-PH-EP-2012-220",
      SLACcitation   = "%%CITATION = ARXIV:1207.7235;%%",
}

@article{Aad:2015zhl,
      xauthor         = "Aad, Georges and others",
      title          = "{Combined Measurement of the Higgs Boson Mass in $pp$
                        Collisions at $\sqrt{s}=7$ and 8 TeV with the ATLAS and
                        CMS Experiments}",
      author  = "{ATLAS and CMS Collaborations}",
      journal        = "Phys. Rev. Lett.",
      volume         = "114",
      year           = "2015",
      pages          = "191803",
      doi            = "10.1103/PhysRevLett.114.191803",
      eprint         = "1503.07589",
      archivePrefix  = "arXiv",
      primaryClass   = "hep-ex",
      reportNumber   = "ATLAS-HIGG-2014-14, CMS-HIG-14-042, CERN-PH-EP-2015-075",
      SLACcitation   = "%%CITATION = ARXIV:1503.07589;%%"
}

@article{Glashow:1970gm,
      author         = "Glashow, S.L. and Iliopoulos, J. and Maiani, L.",
      title          = "{Weak Interactions with Lepton-Hadron Symmetry}",
      journal        = "Phys. Rev. D",
      volume         = "2",
      pages          = "1285",
      doi            = "10.1103/PhysRevD.2.1285",
      year           = "1970",
      SLACcitation   = "%%CITATION = PHRVA,D2,1285;%%",
}

@article{Eilam:1990zc,
      author         = "Eilam, G. and Hewett, J. L. and Soni, A.",
      title          = "{Rare decays of the top quark in the standard and two
                        Higgs doublet models}",
      journal        = "Phys. Rev. D",
      volume         = "44",
      year           = "1991",
      pages          = "1473",
      doi            = "10.1103/PhysRevD.44.1473, 10.1103/PhysRevD.59.039901",
      note           = "Erratum-ibid. D \textbf{59} (1999) 039901",
      reportNumber   = "MAD-PH-596, TECHNION-PH-90-32, BNL-45778",
      SLACcitation   = "%%CITATION = PHRVA,D44,1473;%%"
}

@article{Mele:1998ag,
      author         = "Mele, B. and Petrarca, S. and Soddu, A.",
      title          = "{A New evaluation of the $t \to cH$ decay width in the
                        standard model}",
      journal        = "Phys. Lett. B",
      volume         = "435",
      year           = "1998",
      pages          = "401",
      doi            = "10.1016/S0370-2693(98)00822-3",
      eprint         = "hep-ph/9805498",
      archivePrefix  = "arXiv",
      primaryClass   = "hep-ph",
      reportNumber   = "ROME1-1207-98",
      SLACcitation   = "%%CITATION = HEP-PH/9805498;%%"
}

@article{AguilarSaavedra:2004wm,
      author         = "Aguilar-Saavedra, J. A.",
      title          = "{Top flavor-changing neutral interactions: Theoretical
                        expectations and experimental detection}",
      journal        = "Acta  Phys. Polon. B",
      volume         = "35",
      pages          = "2695",
      year           = "2004",
      eprint         = "hep-ph/0409342",
      archivePrefix  = "arXiv",
      primaryClass   = "hep-ph",
      SLACcitation   = "%%CITATION = HEP-PH/0409342;%%",
}

@article{Zhang:2013xya,
      author         = "Zhang, Cen and Maltoni, Fabio",
      title          = "{Top-quark decay into Higgs boson and a light quark at
                        next-to-leading order in QCD}",
      journal        = "Phys. Rev. D",
      volume         = "88",
      pages          = "054005",
      doi            = "10.1103/PhysRevD.88.054005",
      year           = "2013",
      eprint         = "1305.7386",
      archivePrefix  = "arXiv",
      primaryClass   = "hep-ph",
      reportNumber   = "CP3-13-26",
      SLACcitation   = "%%CITATION = ARXIV:1305.7386;%%",
}

@article{Denner:1990ns,
      author         = "Denner, Ansgar and Sack, Thomas",
      title          = "{The Top width}",
      journal        = "Nucl. Phys. B",
      volume         = "358",
      pages          = "46",
      doi            = "10.1016/0550-3213(91)90530-B",
      year           = "1991",
      reportNumber   = "PRINT-91-0031 (LEIDEN)",
      SLACcitation   = "%%CITATION = NUPHA,B358,46;%%",
}

@article{AguilarSaavedra:2002kr,
      author         = "Aguilar-Saavedra, J. A.",
      title          = "{Effects of mixing with quark singlets}",
      journal        = "Phys. Rev. D",
      volume         = "67",
      year           = "2003",
      pages          = "035003",
      doi            = "10.1103/PhysRevD.69.099901, 10.1103/PhysRevD.67.035003",
      note           = "Erratum-ibid. D \textbf{69} (2004) 09990",
      eprint         = "hep-ph/0210112",
      archivePrefix  = "arXiv",
      primaryClass   = "hep-ph",
      reportNumber   = "FISIST-16-2002-CFIF",
      SLACcitation   = "%%CITATION = HEP-PH/0210112;%%"
}

@article{Bejar:2000ub,
      author         = "Bejar, Santi and Guasch, Jaume and Sol{\`a}, Joan",
      title          = "{Loop induced flavor changing neutral decays of the top
                        quark in a general two Higgs doublet model}",
      journal        = "Nucl. Phys. B",
      volume         = "600",
      year           = "2001",
      pages          = "21",
      doi            = "10.1016/S0550-3213(01)00044-X",
      eprint         = "hep-ph/0011091",
      archivePrefix  = "arXiv",
      primaryClass   = "hep-ph",
      reportNumber   = "UAB-FT-491, KA-TP-22-2000",
      SLACcitation   = "%%CITATION = HEP-PH/0011091;%%"
}

@article{Guasch:1999jp,
      author         = "Guasch, Jaume and Sol{\`a}, Joan",
      title          = "{FCNC top quark decays: A Door to SUSY physics in high
                        luminosity colliders?}",
      journal        = "Nucl. Phys. B",
      volume         = "562",
      year           = "1999",
      pages          = "3",
      doi            = "10.1016/S0550-3213(99)00579-9",
      eprint         = "hep-ph/9906268",
      archivePrefix  = "arXiv",
      primaryClass   = "hep-ph",
      reportNumber   = "UAB-FT-429, KA-TP-6-99",
      SLACcitation   = "%%CITATION = HEP-PH/9906268;%%"
}

@article{Cao:2007dk,
      author         = "Cao, J. J. and Eilam, G. and Frank, M. and Hikasa, K. and
                        Liu, G. L. and Turan, I. and Yang, J. M.",
      title          = "{SUSY-induced FCNC top-quark processes at the large
                        hadron collider}",
      journal        = "Phys. Rev D.",
      volume         = "75",
      year           = "2007",
      pages          = "075021",
      doi            = "10.1103/PhysRevD.75.075021",
      eprint         = "hep-ph/0702264",
      archivePrefix  = "arXiv",
      primaryClass   = "hep-ph",
      reportNumber   = "CUMQ-HEP-144",
      SLACcitation   = "%%CITATION = HEP-PH/0702264;%%"
}

@article{Eilam:2001dh,
      author         = "Eilam, G. and Gemintern, A. and Han, Tao and Yang, J. M.
                        and Zhang, X.",
      title          = "{Top quark rare decay $t \to ch$ in R-parity violating
                        SUSY}",
      journal        = "Phys. Lett. B",
      volume         = "510",
      year           = "2001",
      pages          = "227",
      doi            = "10.1016/S0370-2693(01)00598-6",
      eprint         = "hep-ph/0102037",
      archivePrefix  = "arXiv",
      primaryClass   = "hep-ph",
      reportNumber   = "MADPH-01-1212",
      SLACcitation   = "%%CITATION = HEP-PH/0102037;%%"
}

@article{Cheng:1987rs,
      author         = "Cheng, T. P. and Sher, Marc",
      title          = "{Mass Matrix Ansatz and Flavor Nonconservation in Models
                        with Multiple Higgs Doublets}",
      journal        = "Phys. Rev. D",
      volume         = "35",
      year           = "1987",
      pages          = "3484",
      doi            = "10.1103/PhysRevD.35.3484",
      reportNumber   = "WU-TH-87-1",
      SLACcitation   = "%%CITATION = PHRVA,D35,3484;%%"
}

@article{Baum:2008qm,
      author         = "Baum, Itzhak and Eilam, Gad and Bar-Shalom, Shaouly",
      title          = "{Scalar flavor changing neutral currents and rare top
                        quark decays in a two Higgs doublet model 'for the top
                        quark'}",
      journal        = "Phys. Rev. D",
      volume         = "77",
      year           = "2008",
      pages          = "113008",
      doi            = "10.1103/PhysRevD.77.113008",
      eprint         = "0802.2622",
      archivePrefix  = "arXiv",
      primaryClass   = "hep-ph",
      reportNumber   = "UCI-TR-2007-51",
      SLACcitation   = "%%CITATION = ARXIV:0802.2622;%%"
}

@article{Chen:2013qta,
      author         = "Chen, Kai-Feng and Hou, Wei-Shu and Kao, Chung and Kohda,
                        Masaya",
      title          = "{When the Higgs meets the Top: Search for $t \to c h^0$ at
                        the LHC}",
      journal        = "Phys. Lett. B",
      volume         = "725",
      year           = "2013",
      pages          = "378",
      doi            = "10.1016/j.physletb.2013.07.060",
      eprint         = "1304.8037",
      archivePrefix  = "arXiv",
      primaryClass   = "hep-ph",
      SLACcitation   = "%%CITATION = ARXIV:1304.8037;%%"
}

% Run 1 papers

@article{Aad:2014dya,
      xauthor         = "Aad, Georges and others",
      title          = "{Search for top quark decays $t \to qH$ with $H \to \gamma\gamma$ using the ATLAS detector}",
      author  = "{ATLAS Collaboration}",
      journal        = "JHEP",
      volume         = "1406",
      pages          = "008",
      doi            = "10.1007/JHEP06(2014)008",
      year           = "2014",
      eprint         = "1403.6293",
      archivePrefix  = "arXiv",
      primaryClass   = "hep-ex",
      reportNumber   = "CERN-PH-EP-2014-036",
      SLACcitation   = "%%CITATION = ARXIV:1403.6293;%%",
}

@article{Aad:2015pja,
      xauthor         = "Aad, Georges and others",
      title          = "{Search for flavour-changing neutral current top quark
                        decays $t\to Hq$ in $pp$ collisions at $\sqrt{s}=8$ TeV
                        with the ATLAS detector}",
      author  = "{ATLAS Collaboration}",
      journal        = "JHEP",
      volume         = "12",
      year           = "2015",
      pages          = "061",
      doi            = "10.1007/JHEP12(2015)061",
      eprint         = "1509.06047",
      archivePrefix  = "arXiv",
      primaryClass   = "hep-ex",
      reportNumber   = "CERN-PH-EP-2015-229",
      SLACcitation   = "%%CITATION = ARXIV:1509.06047;%%"
}

@article{Khachatryan:2016atv,
      xauthor         = "Khachatryan, Vardan and others",
      title          = "{Search for top quark decays via Higgs-boson-mediated
                        flavor-changing neutral currents in $pp$ collisions at $\sqrt{s}=8$ TeV}",
      author  = "{CMS Collaboration}",
      journal        = "JHEP",
      volume         = "1702",
      year           = "2017",
      pages          = "079",
      doi            = "10.1007/JHEP02(2017)079",
      eprint         = "1610.04857",
      archivePrefix  = "arXiv",
      primaryClass   = "hep-ex",
      reportNumber   = "CMS-TOP-13-017, CERN-EP-2016-208",
      SLACcitation   = "%%CITATION = ARXIV:1610.04857;%%"
}

% Run 2 papers

@article{Aaboud:2017mfd,
      xauthor         = "Aaboud, Morad and others",
      title          = "{Search for top quark decays $t\rightarrow qH$, with
                        $H\to\gamma\gamma$, in $\sqrt{s}=13$ TeV $pp$ collisions
                        using the ATLAS detector}",
      author  = "{ATLAS Collaboration}",
      journal        = "JHEP",
      volume         = "10",
      year           = "2017",
      pages          = "129",
      doi            = "10.1007/JHEP10(2017)129",
      eprint         = "1707.01404",
      archivePrefix  = "arXiv",
      primaryClass   = "hep-ex",
      reportNumber   = "CERN-EP-2017-118",
      SLACcitation   = "%%CITATION = ARXIV:1707.01404;%%"
}

@article{fcncML,
      xauthor         = "Aaboud, Morad and others",
      title          = "{Search for flavor-changing neutral currents in top quark decays $t\to Hc$ and $t\to Hu$ 
                           in multilepton final states in proton-proton collisions at  $\sqrt{s}=13$ TeV with the ATLAS detector}",
      author  = "{ATLAS Collaboration}",
      journal        = "Submitted to Phys. Rev. D",
      year           = "2018",
      eprint         = "180X.XXXXX",
      archivePrefix  = "arXiv",
      primaryClass   = "hep-ex",
      SLACcitation   = "%%CITATION = ARXIV:1707.01404;%%"
}

@article{Aaboud:2018pob,
      xauthor         = "Aaboud, Morad and others",
      title          = "{Search for flavor-changing neutral currents in top quark
                        decays $t\to Hc$ and $t \to Hu$ in multilepton final
                        states in proton--proton collisions at $\sqrt{s}= 13$ TeV
                        with the ATLAS detector}",
      author  = "{ATLAS Collaboration}",
      journal        = "Submitted to Phys. Rev. D",
      year           = "2018",
      eprint         = "1805.03483",
      archivePrefix  = "arXiv",
      primaryClass   = "hep-ex",
      reportNumber   = "CERN-EP-2018-067",
      SLACcitation   = "%%CITATION = ARXIV:1805.03483;%%"
}

@article{Sirunyan:2017uae,
      xauthor         = "Sirunyan, Albert M and others",
      title          = "{Search for the flavor-changing neutral current
                        interactions of the top quark and the Higgs boson which
                        decays into a pair of b quarks at $\sqrt{s}=13$ TeV}",
      author  = "{CMS Collaboration}",
      year           = "2017",
      eprint         = "1712.02399",
      archivePrefix  = "arXiv",
      primaryClass   = "hep-ex",
      reportNumber   = "CMS-TOP-17-003, CERN-EP-2017-309",
      SLACcitation   = "%%CITATION = ARXIV:1712.02399;%%"
}

@article{Harnik:2012pb,
      author         = "Harnik, Roni and Kopp, Joachim and Zupan, Jure",
      title          = "{Flavor Violating Higgs Decays}",
      journal        = "JHEP",
      volume         = "03",
      year           = "2013",
      pages          = "026",
      doi            = "10.1007/JHEP03(2013)026",
      eprint         = "1209.1397",
      archivePrefix  = "arXiv",
      primaryClass   = "hep-ph",
      reportNumber   = "FERMILAB-PUB-12-498-T",
      SLACcitation   = "%%CITATION = ARXIV:1209.1397;%%"
}

%%%%%%%%%%%%%%%%%%%%%%%%%%%%%%%%%%%
% ATLAS detector
%%%%%%%%%%%%%%%%%%%%%%%%%%%%%%%%%%%

@article{IBL,
  author  = "Capeans, Mar and others",
  title          = "{ATLAS Insertable B-Layer Technical Design Report}",
  journal = "{ATLAS-TDR-19}",
  year = "2010",
  note ="\url{https://cds.cern.ch/record/1291633}",
}

@article{Aaboud:2016leb,
      xauthor         = "Aaboud, Morad and others",
      title          = "{Performance of the ATLAS trigger system in 2015}",
      author  = "{ATLAS Collaboration}",
      journal        = "Eur. Phys. J. C",
      volume         = "77",
      year           = "2017",
      pages          = "317",
      doi            = "10.1140/epjc/s10052-017-4852-3",
      eprint         = "1611.09661",
      archivePrefix  = "arXiv",
      primaryClass   = "hep-ex",
      reportNumber   = "CERN-EP-2016-241",
      SLACcitation   = "%%CITATION = ARXIV:1611.09661;%%"
}


%%%%%%%%%%%%%%%%%%%%%%%%%%%%%%%%%%%
% Object reconstruction
%%%%%%%%%%%%%%%%%%%%%%%%%%%%%%%%%%%

% Vertexing
@article{ATL-PHYS-PUB-2015-026,
      author  = "{ATLAS Collaboration}",
      title         = "Vertex reconstruction performance of the ATLAS detector at $\sqrt{s}=13$ TeV",
      journal = "{ATL-PHYS-PUB-2015-026}",
      year          = "2015",
      note ="\url{http://cds.cern.ch/record/2037717}"
}

% Electron ID
@article{ATL-PHYS-PUB-2016-015,
      author  = "{ATLAS Collaboration}",
      title         = "Electron and photon energy calibration with the ATLAS detector using data collected in 2015 at $\sqrt{s}=13$ TeV",
      journal = "{ATL-PHYS-PUB-2016-015}",
      year          = "2016",
      note ="\url{http://cds.cern.ch/record/2203514}"
}

@article{ATLAS-CONF-2016-024,
      author  = "{ATLAS Collaboration}",
      title         = "Electron efficiency measurements with the ATLAS detector using the 2015 LHC proton-proton collision data",
      journal = "{ATLAS-CONF-2016-024}",
      year          = "2016",
      note ="\url{http://cds.cern.ch/record/2157687}"
}

% Muon ID
@article{Aad:2016jkr,
      xauthor         = "Aad, Georges and others",
      title          = "{Muon reconstruction performance of the ATLAS detector in proton-proton collision data at $\sqrt{s}=13$ TeV}",
      author  = "{ATLAS Collaboration}",
      journal        = "Eur. Phys. J. C",
      volume         = "76",
      year           = "2016",
      pages          = "292",
      doi            = "10.1140/epjc/s10052-016-4120-y",
      eprint         = "1603.05598",
      archivePrefix  = "arXiv",
      primaryClass   = "hep-ex",
      reportNumber   = "CERN-EP-2016-033",
      SLACcitation   = "%%CITATION = ARXIV:1603.05598;%%"
}

% Topoclusters
@article{Aad:2016upy,
      xauthor         = "Aad, Georges and others",
      title          = "{Topological cell clustering in the ATLAS calorimeters
                        and its performance in LHC Run 1}",
      author  = "{ATLAS Collaboration}",
      journal        = "Eur. Phys. J. C",
      volume         = "77",
      year           = "2017",
      pages          = "490",
      doi            = "10.1140/epjc/s10052-017-5004-5",
      eprint         = "1603.02934",
      archivePrefix  = "arXiv",
      primaryClass   = "hep-ex",
      reportNumber   = "CERN-PH-EP-2015-304",
      SLACcitation   = "%%CITATION = ARXIV:1603.02934;%%"
}

% Jets
@article{Cacciari:2008gp,
      author         = "Cacciari, Matteo and Salam, Gavin P. and Soyez, Gregory",
      title          = "{The anti-$k_t$ jet clustering algorithm}",
      journal        = "JHEP",
      volume         = "04",
      year           = "2008",
      pages          = "063",
      doi            = "10.1088/1126-6708/2008/04/063",
      eprint         = "0802.1189",
      archivePrefix  = "arXiv",
      primaryClass   = "hep-ph",
      reportNumber   = "LPTHE-07-03",
      SLACcitation   = "%%CITATION = ARXIV:0802.1189;%%"
}

@article{Cacciari:2005hq,
      author         = "Cacciari, Matteo and Salam, Gavin P.",
      title          = "{Dispelling the $N^{3}$ myth for the $k_t$ jet-finder}",
      journal        = "Phys. Lett. B",
      volume         = "641",
      year           = "2006",
      pages          = "57",
      doi            = "10.1016/j.physletb.2006.08.037",
      eprint         = "hep-ph/0512210",
      archivePrefix  = "arXiv",
      primaryClass   = "hep-ph",
      reportNumber   = "LPTHE-05-32",
      SLACcitation   = "%%CITATION = HEP-PH/0512210;%%"
}
      
@article{Cacciari:2011ma,
      author         = "Cacciari, Matteo and Salam, Gavin P. and Soyez, Gregory",
      title          = "{FastJet user manual}",
      journal        = "Eur. Phys. J. C",
      volume         = "72",
      year           = "2012",
      pages          = "1896",
      doi            = "10.1140/epjc/s10052-012-1896-2",
      eprint         = "1111.6097",
      archivePrefix  = "arXiv",
      primaryClass   = "hep-ph",
      reportNumber   = "CERN-PH-TH-2011-297",
      SLACcitation   = "%%CITATION = ARXIV:1111.6097;%%"
}

% Jet calibration
@article{Aaboud:2017jcu,
      xauthor         = "Aaboud, Morad and others",
      title          = "{Jet energy scale measurements and their systematic
                        uncertainties in proton-proton collisions at $\sqrt{s}=13$ TeV with the ATLAS detector}",
      author  = "{ATLAS Collaboration}",
      journal        = "Phys. Rev. D",
      volume         = "96",
      year           = "2017",
      pages          = "072002",
      doi            = "10.1103/PhysRevD.96.072002",
      eprint         = "1703.09665",
      archivePrefix  = "arXiv",
      primaryClass   = "hep-ex",
      reportNumber   = "CERN-EP-2017-038",
      SLACcitation   = "%%CITATION = ARXIV:1703.09665;%%"
}

% Jet cleaning and JVT
@article{ATLAS-CONF-2015-029,
  author  = "{ATLAS Collaboration}",
  title          = "{Selection of jets produced in 13 TeV proton-proton collisions with the ATLAS detector}",
  journal = "{ATLAS-CONF-2015-029}",
  year = "2015",
  note ="\url{http://cds.cern.ch/record/2037702}",
}

@article{Aad:2015ina,
      xauthor         = "Aad, Georges and others",
      title          = "{Performance of pile-up mitigation techniques for jets in
                        $pp$ collisions at $\sqrt{s}=8$ TeV using the ATLAS
                        detector}",
      author  = "{ATLAS Collaboration}",
      journal        = "Eur. Phys. J. C",
      volume         = "76",
      year           = "2016",
      pages          = "581",
      doi            = "10.1140/epjc/s10052-016-4395-z",
      eprint         = "1510.03823",
      archivePrefix  = "arXiv",
      primaryClass   = "hep-ex",
      reportNumber   = "CERN-PH-EP-2015-206",
      SLACcitation   = "%%CITATION = ARXIV:1510.03823;%%"
}

@article{Aaboud:2017pou,
      xauthor         = "Aaboud, Morad and others",
      title          = "{Identification and rejection of pile-up jets at high
                        pseudorapidity with the ATLAS detector}",
      author  = "{ATLAS Collaboration}",
      journal        = "Eur. Phys. J. C",
      volume         = "77",
      year           = "2017",
      pages          = "580",
      doi            = "10.1140/epjc/s10052-017-5081-5,
                        10.1140/epjc/s10052-017-5245-3",
      note           = "[Erratum: Eur. Phys. J.C77,no.10,712(2017)]",
      eprint         = "1705.02211",
      archivePrefix  = "arXiv",
      primaryClass   = "hep-ex",
      reportNumber   = "CERN-EP-2017-055",
      SLACcitation   = "%%CITATION = ARXIV:1705.02211;%%"
}

% B-tagging
@article{Aad:2015ydr,
      xauthor         = "Aad, Georges and others",
      title          = "{Performance of $b$-jet identification in the ATLAS experiment}",
      author  = "{ATLAS Collaboration}",
      journal        = "JINST",
      volume         = "11",
      year           = "2016",
      pages          = "P04008",
      doi            = "10.1088/1748-0221/11/04/P04008",
      eprint         = "1512.01094",
      archivePrefix  = "arXiv",
      primaryClass   = "hep-ex",
      reportNumber   = "CERN-PH-EP-2015-216",
      SLACcitation   = "%%CITATION = ARXIV:1512.01094;%%"
}

@article{ATL-PHYS-PUB-2016-012,
  author  = "{ATLAS Collaboration}",
  title          = "{Optimisation of the ATLAS $b$-tagging performance for the 2016 LHC Run}",
  journal = "{ATL-PHYS-PUB-2016-012}",
  year = "2016",
  note ="\url{http://cds.cern.ch/record/2160731}",
}

@article{Aaboud:2018xwy,
      xauthor         = "Aaboud, Morad and others",
      title          = "{Measurements of $b$-jet tagging efficiency with the ATLAS detector using $t\bar{t}$ events at $\sqrt{s}=13$ TeV}",
      author  = "{ATLAS Collaboration}",
      journal        = "Submitted to JHEP",
      year           = "2018",
      eprint         = "1805.01845",
      archivePrefix  = "arXiv",
      primaryClass   = "hep-ex",
      reportNumber   = "CERN-EP-2018-047, CERN-EP-2018-047",
      SLACcitation   = "%%CITATION = ARXIV:1805.01845;%%"
}

@article{ATLAS-CONF-2018-001,
  author  = "{ATLAS Collaboration}",
  title = "{Measurement of b-tagging efficiency of $c$-jets in $\ttbar$ events using a likelihood approach with the ATLAS detector}",
  journal = "{ATLAS-CONF-2018-001}",
  year = "2018",
  note ="\url{http://cds.cern.ch/record/2306649}",
}

@article{ATLAS-CONF-2018-006,
  author  = "{ATLAS Collaboration}",
  title = "{Calibration of light-flavour jet $b$-tagging rates on ATLAS proton-proton collision data at $\sqrt{s}=13$ TeV}",
  journal = "{ATLAS-CONF-2018-006}",
  year = "2018",
  note ="\url{http://cds.cern.ch/record/2314418}",
}

% Taus
@article{ATL-PHYS-PUB-2015-045,
  author  = "{ATLAS Collaboration}",
  title = "{Reconstruction, energy calibration, and identification of hadronically decaying tau leptons in the ATLAS experiment for Run 2 of the LHC}",
  journal = "{ATL-PHYS-PUB-2015-045}",
  year = "2015",
  note ="\url{https://atlas.web.cern.ch/Atlas/GROUPS/PHYSICS/PUBNOTES/ATL-PHYS-PUB-2015-045}",
}

@article{ATLAS-CONF-2017-029,
  author  = "{ATLAS Collaboration}",
  title = "{Measurement of the tau lepton reconstruction and identification performance in the ATLAS experiment using $pp$ collisions at $\sqrt{s}=13$ TeV}",
  journal = "{ATLAS-CONF-2017-029}",
  year = "2017",
  note ="\url{https://cds.cern.ch/record/2261772}",
}

% MET
@article{Aad:2016nrq,
      xauthor         = "Aad, G. and others",
      title          = "{Performance of algorithms that reconstruct missing
                        transverse momentum in $\sqrt{s}=8$ TeV proton-proton
                        collisions in the ATLAS detector}",
      author  = "{ATLAS Collaboration}",
      journal        = "Eur. Phys. J. C",
      volume         = "77",
      year           = "2017",
      pages          = "241",
      doi            = "10.1140/epjc/s10052-017-4780-2",
      eprint         = "1609.09324",
      archivePrefix  = "arXiv",
      primaryClass   = "hep-ex",
      reportNumber   = "CERN-EP-2016-134",
      SLACcitation   = "%%CITATION = ARXIV:1609.09324;%%"
}

@article{ATL-PHYS-PUB-2015-027,
  author  = "{ATLAS Collaboration}",
  title         = "{Performance of missing transverse momentum reconstruction for the ATLAS detector in the first proton-proton collisions at $\sqrt{s}=13$ TeV}",
  journal = "{ATL-PHYS-PUB-2015-027}",
  year          = "2015",
  note ="\url{http://cds.cern.ch/record/2037904}"
}


%%%%%%%%%%%%%%%%%%%%%%%%%%%%%%%%%%%
% Data sample and event preselection
%%%%%%%%%%%%%%%%%%%%%%%%%%%%%%%%%%%

@article{Aad:2013ucp,
      xauthor         = "Aad, Georges and others",
      title          = "{Improved luminosity determination in $pp$ collisions at
                         $\sqrt{s}=7$ TeV using the ATLAS detector at the LHC}",
      author  = "{ATLAS Collaboration}",
      journal        = "Eur. Phys. J. C",
      volume         = "73",
      year           = "2013",
      pages          = "2518",
      doi            = "10.1140/epjc/s10052-013-2518-3",
      eprint         = "1302.4393",
      archivePrefix  = "arXiv",
      primaryClass   = "hep-ex",
      reportNumber   = "CERN-PH-EP-2013-026",
      SLACcitation   = "%%CITATION = ARXIV:1302.4393;%%"
}

%%%%%%%%%%%%%%%%%%%%%%%%%%%%%%%%%%%
% Signal and background modelling
%%%%%%%%%%%%%%%%%%%%%%%%%%%%%%%%%%%

@article{Aaboud:2017rss,
      xauthor         = "Aaboud, Morad and others",
      title          = "{Search for the Standard Model Higgs boson produced in
                        association with top quarks and decaying into a $b\bar{b}$
                        pair in $pp$ collisions at $\sqrt{s}=13$ TeV with the
                        ATLAS detector}",
      author  = "{ATLAS Collaboration}",
      journal        = "Submitted to Phys. Rev. D",
      year           = "2017",
      eprint         = "1712.08895",
      archivePrefix  = "arXiv",
      primaryClass   = "hep-ex",
      reportNumber   = "CERN-EP-2017-291",
      SLACcitation   = "%%CITATION = ARXIV:1712.08895;%%"
}

@article{Gleisberg:2008ta,
      author         = "Gleisberg, T. and others",
      title          = "{Event generation with SHERPA 1.1}",
      journal        = "JHEP",
      volume         = "02",
      pages          = "007",
      doi            = "10.1088/1126-6708/2009/02/007",
      year           = "2009",
      eprint         = "0811.4622",
      archivePrefix  = "arXiv",
      primaryClass   = "hep-ph",
      reportNumber   = "FERMILAB-PUB-08-477-T, SLAC-PUB-13420, ZU-TH-17-08,
                        DCPT-08-138, IPPP-08-69, EDINBURGH-2008-30, MCNET-08-14",
      SLACcitation   = "%%CITATION = ARXIV:0811.4622;%%",
}

@article{Lange:2001uf,
      author         = "Lange, D. J.",
      title          = "{The EvtGen particle decay simulation package}",
      booktitle      = "{Proceedings, 7th International Conference on B physics
                        at hadron machines (BEAUTY 2000)}",
      journal        = "Nucl. Instrum. Meth. A",
      volume         = "462",
      year           = "2001",
      pages          = "152",
      doi            = "10.1016/S0168-9002(01)00089-4",
      SLACcitation   = "%%CITATION = NUIMA,A462,152;%%"
}

@article{Sjostrand:2007gs,
      author         = "Sj{\"o}strand, Torbjorn and Mrenna, Stephen and Skands, Peter
                        Z.",
      title          = "{A brief introduction to PYTHIA 8.1}",
      journal        = "Comput. Phys. Commun.",
      volume         = "178",
      pages          = "852",
      doi            = "10.1016/j.cpc.2008.01.036",
      year           = "2008",
      eprint         = "0710.3820",
      archivePrefix  = "arXiv",
      primaryClass   = "hep-ph",
      reportNumber   = "CERN-LCGAPP-2007-04, LU-TP-07-28,
                        FERMILAB-PUB-07-512-CD-T",
      SLACcitation   = "%%CITATION = ARXIV:0710.3820;%%",
}

@article{ATLASUETune4,
      author  = "{ATLAS Collaboration}",
      title         = "ATLAS Pythia 8 tunes to 7 TeV data ",
      journal = "{ATL-PHYS-PUB-2014-021}",
      year          = "2014",
      note ="\url{https://cds.cern.ch/record/1966419}"
}

@article{Aad:2010ah,
      xauthor         = "Aad, G. and others",
      title          = "{The ATLAS Simulation Infrastructure}",
      author  = "{ATLAS Collaboration}",
      journal        = "Eur. Phys. J. C",
      volume         = "70",
      pages          = "823",
      doi            = "10.1140/epjc/s10052-010-1429-9",
      year           = "2010",
      eprint         = "1005.4568",
      archivePrefix  = "arXiv",
      primaryClass   = "physics.ins-det",
      SLACcitation   = "%%CITATION = ARXIV:1005.4568;%%",
}

@article{Agostinelli:2002hh,
      author         = "{S. Agostinelli et al.}",
      title          = "{GEANT4: a simulation toolkit}",
      collaboration  = "GEANT4",
      journal        = "Nucl. Instrum. Meth. A",
      volume         = "506",
      pages          = "250",
      doi            = "10.1016/S0168-9002(03)01368-8",
      year           = "2003",
      reportNumber   = "SLAC-PUB-9350, FERMILAB-PUB-03-339",
      SLACcitation   = "%%CITATION = NUIMA,A506,250;%%",
}

@article{FastCaloSim,
  author  = "{ATLAS Collaboration}",
  title          = "{The simulation principle and performance of the ATLAS fast calorimeter simulation FastCaloSim}",
  journal = "{ATL-PHYS-PUB-2010-013}",
  year = "2010",
  note ="\url{https://cds.cern.ch/record/1300517}",
}

@article{Alwall:2014hca,
      author         = "Alwall, J. and others",
      title          = "{The automated computation of tree-level and
                        next-to-leading order differential cross sections, and
                        their matching to parton shower simulations}",
      journal        = "JHEP",
      volume         = "07",
      year           = "2014",
      pages          = "079",
      doi            = "10.1007/JHEP07(2014)079",
      eprint         = "1405.0301",
      archivePrefix  = "arXiv",
      primaryClass   = "hep-ph",
      reportNumber   = "CERN-PH-TH-2014-064, CP3-14-18, LPN14-066, MCNET-14-09,
                        ZU-TH-14-14",
      SLACcitation   = "%%CITATION = ARXIV:1405.0301;%%"
}

@article{Djouadi:1997yw,
      author         = "Djouadi, A. and Kalinowski, J. and Spira, M.",
      title          = "{HDECAY: a program for Higgs boson decays in the Standard Model and its supersymmetric extension}",
      journal        = "Comput. Phys. Commun.",
      volume         = "108",
      year           = "1998",
      pages          = "56",
      doi            = "10.1016/S0010-4655(97)00123-9",
      eprint         = "hep-ph/9704448",
      archivePrefix  = "arXiv",
      primaryClass   = "hep-ph",
      reportNumber   = "DESY-97-079, IFT-96-29, PM-97-04",
      SLACcitation   = "%%CITATION = HEP-PH/9704448;%%"
}

@article{Frixione:2007nw,
      author         = "Frixione, Stefano and Nason, Paolo and Ridolfi, Giovanni",
      title          = "{A Positive-weight next-to-leading-order Monte Carlo for
                        heavy flavour hadroproduction}",
      journal        = "JHEP",
      volume         = "09",
      pages          = "126",
      doi            = "10.1088/1126-6708/2007/09/126",
      year           = "2007",
      eprint         = "0707.3088",
      archivePrefix  = "arXiv",
      primaryClass   = "hep-ph",
      reportNumber   = "BICOCCA-FT-07-12, GEF-TH-19-2007",
      SLACcitation   = "%%CITATION = ARXIV:0707.3088;%%",
}

@article{Nason:2004rx,
      author         = "Nason, Paolo",
      title          = "{A New method for combining NLO QCD with shower Monte
                        Carlo algorithms}",
      journal        = "JHEP",
      volume         = "11",
      pages          = "040",
      doi            = "10.1088/1126-6708/2004/11/040",
      year           = "2004",
      eprint         = "hep-ph/0409146",
      archivePrefix  = "arXiv",
      reportNumber   = "BICOCCA-FT-04-11",
      SLACcitation   = "%%CITATION = HEP-PH/0409146;%%",
}

@article{Frixione:2007vw,
      author         = "Frixione, Stefano and Nason, Paolo and Oleari, Carlo",
      title          = "{Matching NLO QCD computations with parton shower simulations: the POWHEG method}",
      journal        = "JHEP",
      volume         = "11",
      pages          = "070",
      doi            = "10.1088/1126-6708/2007/11/070",
      year           = "2007",
      eprint         = "0709.2092",
      archivePrefix  = "arXiv",
      primaryClass   = "hep-ph",
      reportNumber   = "BICOCCA-FT-07-9, GEF-TH-21-2007",
      SLACcitation   = "%%CITATION = ARXIV:0709.2092;%%",
}

@article{Alioli:2010xd,
      author         = "Alioli, Simone and Nason, Paolo and Oleari, Carlo and Re,
                        Emanuele",
      title          = "{A general framework for implementing NLO calculations in
                        shower Monte Carlo programs: the POWHEG BOX}",
      journal        = "JHEP",
      volume         = "06",
      pages          = "043",
      doi            = "10.1007/JHEP06(2010)043",
      year           = "2010",
      eprint         = "1002.2581",
      archivePrefix  = "arXiv",
      primaryClass   = "hep-ph",
      reportNumber   = "DESY-10-018, SFB-CPP-10-22, IPPP-10-11, DCPT-10-22",
      SLACcitation   = "%%CITATION = ARXIV:1002.2581;%%",
}

@article{Lai:2010vv,
      author         = "Lai, Hung-Liang and others",
      title          = "{New parton distributions for collider physics}",
      journal        = "Phys. Rev. D",
      volume         = "82",
      pages          = "074024",
      doi            = "10.1103/PhysRevD.82.074024",
      year           = "2010",
      eprint         = "1007.2241",
      archivePrefix  = "arXiv",
      primaryClass   = "hep-ph",
      reportNumber   = "MSUHEP-100707, SMU-HEP-10-10",
      SLACcitation   = "%%CITATION = ARXIV:1007.2241;%%",
}

@article{Czakon:2011xx,
      author         = "Czakon, Michal and Mitov, Alexander",
      title          = "{Top++: A program for the calculation of the top-pair cross-section at hadron colliders}",
      journal        = "Comput. Phys. Commun.",
      volume         = "185",
      pages          = "2930",
      doi            = "10.1016/j.cpc.2014.06.021",
      year           = "2014",
      eprint         = "1112.5675",
      archivePrefix  = "arXiv",
      primaryClass   = "hep-ph",
      reportNumber   = "CERN-PH-TH-2011-303, TTK-11-58",
      SLACcitation   = "%%CITATION = ARXIV:1112.5675;%%",
}

@article{Cacciari:2011hy,
      author         = "Cacciari, Matteo and Czakon, Michal and Mangano,
                        Michelangelo and Mitov, Alexander and Nason, Paolo",
      title          = "{Top-pair production at hadron colliders with
                        next-to-next-to-leading logarithmic soft-gluon
                        resummation}",
      journal        = "Phys. Lett. B",
      volume         = "710",
      pages          = "612",
      doi            = "10.1016/j.physletb.2012.03.013",
      year           = "2012",
      eprint         = "1111.5869",
      archivePrefix  = "arXiv",
      primaryClass   = "hep-ph",
      reportNumber   = "CERN-PH-TH-2011-277, TTK-11-54",
      SLACcitation   = "%%CITATION = ARXIV:1111.5869;%%",
}

@article{Baernreuther:2012ws,
      author         = "B{\"a}rnreuther, Peter and Czakon, Michal and Mitov,
                        Alexander",
      title          = "{Percent-Level-Precision Physics at the Tevatron: Next-to-Next-to-Leading Order QCD Corrections to $q \bar{q} \to t \bar{t} + X$}",
      journal        = "Phys. Rev. Lett.",
      volume         = "109",
      pages          = "132001",
      doi            = "10.1103/PhysRevLett.109.132001",
      year           = "2012",
      eprint         = "1204.5201",
      archivePrefix  = "arXiv",
      primaryClass   = "hep-ph",
      reportNumber   = "CERN-PH-TH-2012-092",
      SLACcitation   = "%%CITATION = ARXIV:1204.5201;%%",
}

@article{Czakon:2012zr,
      author         = "Czakon, Michal and Mitov, Alexander",
      title          = "{NNLO corrections to top-pair production at hadron
                        colliders: the all-fermionic scattering channels}",
      journal        = "JHEP",
      volume         = "12",
      pages          = "054",
      doi            = "10.1007/JHEP12(2012)054",
      year           = "2012",
      eprint         = "1207.0236",
      archivePrefix  = "arXiv",
      primaryClass   = "hep-ph",
      reportNumber   = "CERN-PH-TH-2012-181",
      SLACcitation   = "%%CITATION = ARXIV:1207.0236;%%",
}

@article{Czakon:2012pz,
      author         = "Czakon, Michal and Mitov, Alexander",
      title          = "{NNLO corrections to top pair production at hadron
                        colliders: the quark-gluon reaction}",
      journal        = "JHEP",
      volume         = "01",
      pages          = "080",
      doi            = "10.1007/JHEP01(2013)080",
      year           = "2013",
      eprint         = "1210.6832",
      archivePrefix  = "arXiv",
      primaryClass   = "hep-ph",
      reportNumber   = "CERN-PH-TH-2012-286",
      SLACcitation   = "%%CITATION = ARXIV:1210.6832;%%",
}

@article{Czakon:2013goa,
      author         = "Czakon, Michal and Fiedler, Paul and Mitov, Alexander",
      title          = "{Total Top-Quark Pair-Production Cross Section at Hadron
                        Colliders Through $O(\alpha^4_S)$}",
      journal        = "Phys. Rev. Lett.",
      volume         = "110",
      pages          = "252004",
      doi            = "10.1103/PhysRevLett.110.252004",
      year           = "2013",
      eprint         = "1303.6254",
      archivePrefix  = "arXiv",
      primaryClass   = "hep-ph",
      reportNumber   = "CERN-PH-TH-2013-056, TTK-13-08",
      SLACcitation   = "%%CITATION = ARXIV:1303.6254;%%",
}

@article{Martin:2009iq,
      author         = "Martin, A. D. and Stirling, W. J. and Thorne, R. S. and
                        Watt, G.",
      title          = "{Parton distributions for the LHC}",
      journal        = "Eur. Phys. J. C",
      volume         = "63",
      pages          = "189",
      doi            = "10.1140/epjc/s10052-009-1072-5",
      year           = "2009",
      eprint         = "0901.0002",
      archivePrefix  = "arXiv",
      primaryClass   = "hep-ph",
      reportNumber   = "IPPP-08-95, DCPT-08-190, CAVENDISH-HEP-08-16",
      SLACcitation   = "%%CITATION = ARXIV:0901.0002;%%",
}

@article{Martin:2009bu,
      author         = "Martin, A. D. and Stirling, W. J. and Thorne, R. S. and
                        Watt, G.",
      title          = "{Uncertainties on $\alpha_S$ in global PDF analyses and
                        implications for predicted hadronic cross sections}",
      journal        = "Eur. Phys. J. C",
      volume         = "64",
      pages          = "653",
      doi            = "10.1140/epjc/s10052-009-1164-2",
      year           = "2009",
      eprint         = "0905.3531",
      archivePrefix  = "arXiv",
      primaryClass   = "hep-ph",
      reportNumber   = "IPPP-09-33, DCPT-09-66, CAVENDISH-HEP-09-06",
      SLACcitation   = "%%CITATION = ARXIV:0905.3531;%%",
}

@article{Botje:2011sn,
      author         = "Botje, Michiel and others",
      title          = "{The PDF4LHC Working Group Interim Recommendations}",
      year           = "2011",
      eprint         = "1101.0538",
      archivePrefix  = "arXiv",
      primaryClass   = "hep-ph",
      SLACcitation   = "%%CITATION = ARXIV:1101.0538;%%",
}

@article{Gao:2013xoa,
      author         = "Gao, Jun and others",
      title          = "{CT10 next-to-next-to-leading order global analysis of
                        QCD}",
      journal        = "Phys. Rev. D",
      volume         = "89",
      pages          = "033009",
      doi            = "10.1103/PhysRevD.89.033009",
      year           = "2014",
      eprint         = "1302.6246",
      archivePrefix  = "arXiv",
      primaryClass   = "hep-ph",
      reportNumber   = "SMU-HEP-12-23",
      SLACcitation   = "%%CITATION = ARXIV:1302.6246;%%",
}

@article{Ball:2012cx,
      author         = "Ball, Richard D. and others",
      title          = "{Parton distributions with LHC data}",
      journal        = "Nucl. Phys. B",
      volume         = "867",
      pages          = "244",
      doi            = "10.1016/j.nuclphysb.2012.10.003",
      year           = "2013",
      eprint         = "1207.1303",
      archivePrefix  = "arXiv",
      primaryClass   = "hep-ph",
      reportNumber   = "EDINBURGH-2012-08, IFUM-FT-997, FR-PHENO-2012-014,
                        RWTH-TTK-12-25, CERN-PH-TH-2012-037, SFB-CPP-12-47\",
      SLACcitation   = "%%CITATION = ARXIV:1207.1303;%%",
}

@article{Cascioli:2013era,
      author         = "Cascioli, Fabio and Maierh{\"o}fer, Philipp and Moretti,
                        Niccolo and Pozzorini, Stefano and Siegert, Frank",
      title          = "{NLO matching for $t\bar t b \bar b$ production with
                        massive $b$-quarks}",
      journal        = "Phys. Lett. B",
      volume         = "734",
      pages          = "210",
      doi            = "10.1016/j.physletb.2014.05.040",
      year           = "2014",
      eprint         = "1309.5912",
      archivePrefix  = "arXiv",
      primaryClass   = "hep-ph",
      reportNumber   = "ZU-TH-22-13, LPN13-062, FR-PHENO-2013-010",
      SLACcitation   = "%%CITATION = ARXIV:1309.5912;%%",
}

@article{Cascioli:2011va,
      author         = "Cascioli, Fabio and Maierhofer, Philipp and Pozzorini,
                        Stefano",
      title          = "{Scattering Amplitudes with Open Loops}",
      journal        = "Phys. Rev. Lett.",
      volume         = "108",
      pages          = "111601",
      doi            = "10.1103/PhysRevLett.108.111601",
      year           = "2012",
      eprint         = "1111.5206",
      archivePrefix  = "arXiv",
      primaryClass   = "hep-ph",
      reportNumber   = "ZU-TH-23-11, LPN11-66",
      SLACcitation   = "%%CITATION = ARXIV:1111.5206;%%",
}

@Article{Frixione:2005vw,
     author    = "Frixione, Stefano and Laenen, Eric and Motylinski, Patrick
                  and Webber, Bryan R.",
     title     = "{Single-top production in MC@NLO}",
     journal   = "JHEP",
     volume    = "03",
     year      = "2006",
     pages     = "092",
     eprint    = "hep-ph/0512250",
     archivePrefix = "arXiv",
     doi       = "10.1088/1126-6708/2006/03/092",
     SLACcitation  = "%%CITATION = HEP-PH/0512250;%%"
}

@article{Frederix:2012dh,
      author         = "Frederix, Rikkert and Re, Emanuele and Torrielli, Paolo",
      title          = "{Single-top t-channel hadroproduction in the four-flavour
                        scheme with POWHEG and aMC@NLO}",
      journal        = "JHEP",
      volume         = "09",
      year           = "2012",
      pages          = "130",
      doi            = "10.1007/JHEP09(2012)130",
      eprint         = "1207.5391",
      archivePrefix  = "arXiv",
      primaryClass   = "hep-ph",
      reportNumber   = "ZU-TH-14-12, IPPP-12-54, DCPT-12-108,
                        CERN-PH-TH-2012-206, LPN12-084, MCNET-12-10, --LPN12-084",
      SLACcitation   = "%%CITATION = ARXIV:1207.5391;%%"
}

@article{Kidonakis:2010ux,
      author         = "Kidonakis, Nikolaos",
      title          = "{Two-loop soft anomalous dimensions for single top quark
                        associated production with a $W^-$ or $H^-$}",
      journal        = "Phys. Rev. D",
      volume         = "82",
      year           = "2010",
      pages          = "054018",
      doi            = "10.1103/PhysRevD.82.054018",
      eprint         = "1005.4451",
      archivePrefix  = "arXiv",
      primaryClass   = "hep-ph",
      SLACcitation   = "%%CITATION = ARXIV:1005.4451;%%"
}

@article{Kidonakis:2010tc,
      author         = "Kidonakis, Nikolaos",
      title          = "{NNLL resummation for s-channel single top quark
                        production}",
      journal        = "Phys. Rev. D",
      volume         = "81",
      year           = "2010",
      pages          = "054028",
      doi            = "10.1103/PhysRevD.81.054028",
      eprint         = "1001.5034",
      archivePrefix  = "arXiv",
      primaryClass   = "hep-ph",
      SLACcitation   = "%%CITATION = ARXIV:1001.5034;%%"
}

@article{Kidonakis:2011wy,
      author         = "Kidonakis, Nikolaos",
      title          = "{Next-to-next-to-leading-order collinear and soft gluon
                        corrections for t-channel single top quark production}",
      journal        = "Phys. Rev. D",
      volume         = "83",
      year           = "2011",
      pages          = "091503",
      doi            = "10.1103/PhysRevD.83.091503",
      eprint         = "1103.2792",
      archivePrefix  = "arXiv",
      primaryClass   = "hep-ph",
      SLACcitation   = "%%CITATION = ARXIV:1103.2792;%%"
}

@article{Gleisberg:2008fv,
      author         = "Gleisberg, Tanju and H{\"o}che, Stefan",
      title          = "{Comix, a new matrix element generator}",
      journal        = "JHEP",
      volume         = "12",
      pages          = "039",
      doi            = "10.1088/1126-6708/2008/12/039",
      year           = "2008",
      eprint         = "0808.3674",
      archivePrefix  = "arXiv",
      primaryClass   = "hep-ph",
}

@article{Schumann:2007mg,
      author         = "Schumann, Steffen and Krauss, Frank",
      title          = "{A Parton shower algorithm based on Catani-Seymour dipole
                        factorisation}",
      journal        = "JHEP",
      volume         = "03",
      pages          = "038",
      doi            = "10.1088/1126-6708/2008/03/038",
      year           = "2008",
      eprint         = "0709.1027",
      archivePrefix  = "arXiv",
      primaryClass   = "hep-ph",
}

@article{Hoeche:2012yf,
      author         = "H{\"o}che, Stefan and Krauss, Frank and Sch{\"o}nherr, Marek and
                        Siegert, Frank",
      title          = "{QCD matrix elements + parton showers: The NLO case}",
      journal        = "JHEP",
      volume         = "04",
      year           = "2013",
      pages          = "027",
      doi            = "10.1007/JHEP04(2013)027",
      eprint         = "1207.5030",
      archivePrefix  = "arXiv",
      primaryClass   = "hep-ph",
      reportNumber   = "SLAC-PUB-15191, IPPP-12-52, DCPT-12-104, LPN12-081,
                        FR-PHENO-2012-017, MCNET-12-09, --FR-PHENO-2012-017",
      SLACcitation   = "%%CITATION = ARXIV:1207.5030;%%"
}

@article{Ball:2014uwa,
      author         = "Ball, Richard D. and others",
      title          = "{Parton distributions for the LHC Run II}",
      collaboration  = "NNPDF",
      journal        = "JHEP",
      volume         = "04",
      year           = "2015",
      pages          = "040",
      doi            = "10.1007/JHEP04(2015)040",
      eprint         = "1410.8849",
      archivePrefix  = "arXiv",
      primaryClass   = "hep-ph",
      reportNumber   = "EDINBURGH-2014-15, IFUM-1034-FT, CERN-PH-TH-2013-253,
                        OUTP-14-11P, CAVENDISH-HEP-14-11",
      SLACcitation   = "%%CITATION = ARXIV:1410.8849;%%"
}

@article{Anastasiou:2003ds,
      author         = "Anastasiou, Charalampos and Dixon, Lance J. and Melnikov,
                        Kirill and Petriello, Frank",
      title          = "{High precision QCD at hadron colliders: Electroweak
                        gauge boson rapidity distributions at NNLO}",
      journal        = "Phys. Rev. D",
      volume         = "69",
      pages          = "094008",
      doi            = "10.1103/PhysRevD.69.094008",
      year           = "2004",
      eprint         = "hep-ph/0312266",
      archivePrefix  = "arXiv",
      primaryClass   = "hep-ph",
}

@article{Raitio:1978pt,
      author         = "Raitio, Risto and Wada, Walter W.",
      title          = "{Higgs-boson production at large transverse momentum in quantum chromodynamics}",
      journal        = "Phys. Rev. D",
      volume         = "19",
      year           = "1979",
      pages          = "941",
      doi            = "10.1103/PhysRevD.19.941",
      reportNumber   = "SLAC-PUB-2197, COO-1545-242",
      SLACcitation   = "%%CITATION = PHRVA,D19,941;%%"
}

@article{Beenakker:2002nc,
      author         = "Beenakker, W. and Dittmaier, S. and Kramer, M. and
                        Plumper, B. and Spira, M. and Zerwas, P. M.",
      title          = "{NLO QCD corrections to $t\bar{t}H$ production in hadron
                        collisions}",
      journal        = "Nucl. Phys. B",
      volume         = "653",
      year           = "2003",
      pages          = "151",
      doi            = "10.1016/S0550-3213(03)00044-0",
      eprint         = "hep-ph/0211352",
      archivePrefix  = "arXiv",
      primaryClass   = "hep-ph",
      reportNumber   = "DESY-02-177, EDINBURGH-2002-18, MPI-PHT-2002-70,
                        PSI-PR-02-22",
      SLACcitation   = "%%CITATION = HEP-PH/0211352;%%"
}

@article{Dawson:2003zu,
      author         = "Dawson, S. and Jackson, C. and Orr, L. H. and Reina, L.
                        and Wackeroth, D.",
      title          = "{Associated Higgs production with top quarks at the large
                        hadron collider: NLO QCD corrections}",
      journal        = "Phys. Rev. D",
      volume         = "68",
      year           = "2003",
      pages          = "034022",
      doi            = "10.1103/PhysRevD.68.034022",
      eprint         = "hep-ph/0305087",
      archivePrefix  = "arXiv",
      primaryClass   = "hep-ph",
      reportNumber   = "BNL-HET-03-9, FSU-HEP-2003-0503, UB-HET-03-02",
      SLACcitation   = "%%CITATION = HEP-PH/0305087;%%"
}

@article{Yu:2014cka,
      author         = "Zhang, Yu and Ma, Wen-Gan and Zhang, Ren-You and Chen,
                        Chong and Guo, Lei",
      title          = "{QCD NLO and EW NLO corrections to $t\bar{t}H$ production
                        with top quark decays at hadron collider}",
      journal        = "Phys. Lett. B",
      volume         = "738",
      year           = "2014",
      pages          = "1",
      doi            = "10.1016/j.physletb.2014.09.022",
      eprint         = "1407.1110",
      archivePrefix  = "arXiv",
      primaryClass   = "hep-ph",
      SLACcitation   = "%%CITATION = ARXIV:1407.1110;%%"
}

@article{Frixione:2015zaa,
      author         = "Frixione, S. and Hirschi, V. and Pagani, D. and Shao, H.-S. and Zaro, M.",
      title          = "{Electroweak and QCD corrections to top-pair
                        hadroproduction in association with heavy bosons}",
      journal        = "JHEP",
      volume         = "06",
      year           = "2015",
      pages          = "184",
      doi            = "10.1007/JHEP06(2015)184",
      eprint         = "1504.03446",
      archivePrefix  = "arXiv",
      primaryClass   = "hep-ph",
      reportNumber   = "CERN-PH-TH-2015-083, CP3-15-10, LPN15-022,
                        SLAC-PUB-16253",
      SLACcitation   = "%%CITATION = ARXIV:1504.03446;%%"
}

@article{Aad:2010ey,
      xauthor         = "Aad, Georges and others",
      title          = "{Measurement of the top quark-pair production cross
                        section with ATLAS in $pp$ collisions at $\sqrt{s}=7$ TeV}",
      author  = "{ATLAS Collaboration}",
      journal        = "Eur. Phys. J. C",
      volume         = "71",
      pages          = "1577",
      doi            = "10.1140/epjc/s10052-011-1577-6",
      year           = "2011",
      eprint         = "1012.1792",
      archivePrefix  = "arXiv",
      primaryClass   = "hep-ex",
      reportNumber   = "CERN-PH-EP-2010-064",
      SLACcitation   = "%%CITATION = ARXIV:1012.1792;%%",
}

@article{ATLAS-CONF-2014-058,
      author  = "{ATLAS Collaboration}",
      title         = "{Estimation of non-prompt and fake lepton backgrounds in final states with top quarks            
                           produced in proton-proton collisions at $\sqrt{s}=8$ TeV with the ATLAS detector}",
      journal = "{ATLAS-CONF-2014-058}",
      year          = "2014",
      note ="\url{http://cds.cern.ch/record/1951336}"
}

@article{ttbareson13TeV,
      xauthor         = "Aaboud, Morad and others",
      title          = "{Search for heavy particles decaying to pairs of top quarks using lepton-plus-jets events 
                            in proton-proton collisions at $\sqrt{s}=13$ TeV with the ATLAS detector}",
      author  = "{ATLAS Collaboration}",
      journal        = "Submitted to Eur. Phys. J. C",
      year           = "2018",
      eprint         = "18XX.XXXXX",
      archivePrefix  = "arXiv",
      primaryClass   = "hep-ex",
}

%%%%%%%%%%%%%%%%%%%%%%%%%%%%%%%%%%%
% Strategy Htautau
%%%%%%%%%%%%%%%%%%%%%%%%%%%%%%%%%%%

@book{Breiman:1984jka,
      author         = "Breiman, Leo and Friedman, Jerome and Olshen, R. A. and
                        Stone, Charles J.",
      title          = "{Classification and regression trees}",
      publisher      = "Chapman and Hall, New York U.S.A.",
      year           = "1984",
      ISBN           = "0412048418, 9780412048418",
      SLACcitation   = "%%CITATION = INSPIRE-1382689;%%"
}

@article{Friedman:2002we,
      author         = "Friedman, Jerome H.",
      title          = "{Stochastic gradient boosting}",
      journal        = "Comput. Stat. Data Anal.",
      volume         = "38",
      year           = "2002",
      pages          = "367",
      doi            = "10.1016/S0167-9473(01)00065-2",
      reportNumber   = "SLAC-REPRINT-2002-017",
      SLACcitation   = "%%CITATION = CSDAD,38,367;%%"
}

@article{Freund:1997xna,
      author         = "Freund, Yoav and Schapire, Robert E.",
      title          = "{A decision-theoretic generalization of on-line learning and an application to boosting}",
      journal        = "J. Comput. Syst. Sci.",
      volume         = "55",
      year           = "1997",
      number         = "1",
      pages          = "119",
      doi            = "10.1006/jcss.1997.1504",
      SLACcitation   = "%%CITATION = JCSSB,55,119;%%"
}

@article{Chen:2015nta,
      author         = "Chen, Xin and Xia, Ligang",
      title          = "{Searching for flavor changing neutral currents in $t\to Hc$, $H\to\tau\tau$ decays at the LHC}",
      journal        = "Phys. Rev. D",
      volume         = "93",
      year           = "2016",
      number         = "11",
      pages          = "113010",
      doi            = "10.1103/PhysRevD.93.113010",
      eprint         = "1509.08149",
      archivePrefix  = "arXiv",
      primaryClass   = "hep-ph",
      SLACcitation   = "%%CITATION = ARXIV:1509.08149;%%"
}


%%%%%%%%%%%%%%%%%%%%%%%%%%%%%%%%%%%
% Systematic uncertainties
%%%%%%%%%%%%%%%%%%%%%%%%%%%%%%%%%%%

@article{Aaboud:2016hhf,
      xauthor         = "Aaboud, Morad and others",
      title          = "{Luminosity determination in $pp$ collisions at $\sqrt{s}=8$ TeV using the ATLAS detector at the LHC}",
      author  = "{ATLAS Collaboration}",
      journal        = "Eur. Phys. J. C",
      volume         = "76",
      year           = "2016",
      pages          = "653",
      doi            = "10.1140/epjc/s10052-016-4466-1",
      eprint         = "1608.03953",
      archivePrefix  = "arXiv",
      primaryClass   = "hep-ex",
      reportNumber   = "CERN-EP-2016-117",
      SLACcitation   = "%%CITATION = ARXIV:1608.03953;%%"
}

@article{ATL-PHYS-PUB-2016-004,
  author  = "{ATLAS Collaboration}",
  title          = "{Simulation of top quark production for the ATLAS experiment at $\sqrt{s}=13$ TeV}",
  journal = "{ATL-PHYS-PUB-2016-004}",
  year = "2016",
  note ="\url{https://cds.cern.ch/record/2120417}",
}

@article{Aaboud:2017xsd,
      xauthor         = "Aaboud, M. and others",
      title          = "{Evidence for the $ H\to b\overline{b} $ decay with the ATLAS detector}",
      author  = "{ATLAS Collaboration}",
      journal        = "JHEP",
      volume         = "12",
      year           = "2017",
      pages          = "024",
      doi            = "10.1007/JHEP12(2017)024",
      eprint         = "1708.03299",
      archivePrefix  = "arXiv",
      primaryClass   = "hep-ex",
      reportNumber   = "CERN-EP-2017-175",
      SLACcitation   = "%%CITATION = ARXIV:1708.03299;%%"
}

@article{Aaboud:2016yus,
      xauthor         = "Aaboud, Morad and others",
      title          = "{Measurement of the $W^{\pm}Z$ boson pair-production
                        cross section in $pp$ collisions at $\sqrt{s}=13$ TeV with
                        the ATLAS Detector}",
      author  = "{ATLAS Collaboration}",
      journal        = "Phys. Lett. B",
      volume         = "762",
      year           = "2016",
      pages          = "1",
      doi            = "10.1016/j.physletb.2016.08.052",
      eprint         = "1606.04017",
      archivePrefix  = "arXiv",
      primaryClass   = "hep-ex",
      reportNumber   = "CERN-EP-2016-108",
      SLACcitation   = "%%CITATION = ARXIV:1606.04017;%%"
}

@article{Frixione:2008yi,
      author         = "Frixione, Stefano and Laenen, Eric and Motylinski,
                        Patrick and Webber, Bryan R. and White, Chris D.",
      title          = "{Single-top hadroproduction in association with a W
                        boson}",
      journal        = "JHEP",
      volume         = "07",
      pages          = "029",
      doi            = "10.1088/1126-6708/2008/07/029",
      year           = "2008",
      eprint         = "0805.3067",
      archivePrefix  = "arXiv",
      primaryClass   = "hep-ph",
      reportNumber   = "CERN-TH-2008-104, ITP-UU-08-27, NIKHEF-2008-005,
                        ITFA-2008-16, CAVENDISH-HEP-08-06",
      SLACcitation   = "%%CITATION = ARXIV:0805.3067;%%",
}

@article{Campbell:1999ah,
      author         = "Campbell, John M. and Ellis, R. Keith",
      title          = "{Update on vector boson pair production at hadron colliders}",
      journal        = "Phys. Rev. D",
      volume         = "60",
      pages          = "113006",
      doi            = "10.1103/PhysRevD.60.113006",
      year           = "1999",
      eprint         = "hep-ph/9905386",
      archivePrefix  = "arXiv",
      reportNumber   = "FERMILAB-PUB-99-146-T",
      SLACcitation   = "%%CITATION = HEP-PH/9905386;%%",
}

@article{Campbell:2012dh,
      author         = "Campbell, John M. and Ellis, R. Keith",
      title          = "{$t \bar{t} W^\pm$ production and decay at NLO}",
      journal        = "JHEP",
      volume         = "07",
      pages          = "052",
      doi            = "10.1007/JHEP07(2012)052",
      year           = "2012",
      eprint         = "1204.5678",
      archivePrefix  = "arXiv",
      primaryClass   = "hep-ph",
      reportNumber   = "FERMILAB-PUB-12-109-T",
      SLACcitation   = "%%CITATION = ARXIV:1204.5678;%%",
}

@article{Garzelli:2012bn,
      author         = "Garzelli, M. V. and Kardos, A. and Papadopoulos, C. G. and
                        Trocsanyi, Z.",
      title          = "{$t\bar{t}W^\pm$ and $t\bar{t}Z$ Hadroproduction
                        at NLO accuracy in QCD with Parton Shower and
                        Hadronization effects}",
      journal        = "JHEP",
      volume         = "11",
      pages          = "056",
      doi            = "10.1007/JHEP11(2012)056",
      year           = "2012",
      eprint         = "1208.2665",
      archivePrefix  = "arXiv",
      primaryClass   = "hep-ph",
      SLACcitation   = "%%CITATION = ARXIV:1208.2665;%%",
}

@article{Alwall:2007fs,
      author         = "Alwall, Johan and others",
      title          = "{Comparative study of various algorithms for the merging
                        of parton showers and matrix elements in hadronic
                        collisions}",
      journal        = "Eur. Phys. J. C",
      volume         = "53",
      pages          = "473",
      doi            = "10.1140/epjc/s10052-007-0490-5",
      year           = "2008",
      eprint         = "0706.2569",
      archivePrefix  = "arXiv",
      primaryClass   = "hep-ph",
      reportNumber   = "SLAC-PUB-12604, CERN-PH-TH-2007-066, LU-TP-07-13,
                        KA-TP-06-2007, DCPT-07-62, IPPP-07-31",
      SLACcitation   = "%%CITATION = ARXIV:0706.2569;%%",
}

@article{Dittmaier:2011ti,
      author         = "{LHC Higgs Cross Section Working Group, S. Dittmaier et al.}",
      title          = "{Handbook of LHC Higgs Cross Sections: 1. Inclusive
                        Observables}",
      collaboration  = "LHC Higgs Cross Section Working Group",
      doi            = "10.5170/CERN-2011-002",
      year           = "2011",
      eprint         = "1101.0593",
      archivePrefix  = "arXiv",
      primaryClass   = "hep-ph",
      reportNumber   = "CERN-2011-002",
      SLACcitation   = "%%CITATION = ARXIV:1101.0593;%%",
}

@article{deFlorian:2016spz,
      author         = "de Florian, D. and others",
      title          = "{Handbook of LHC Higgs Cross Sections: 4. Deciphering the
                        Nature of the Higgs Sector}",
      collaboration  = "LHC Higgs Cross Section Working Group",
      doi            = "10.23731/CYRM-2017-002",
      year           = "2016",
      eprint         = "1610.07922",
      archivePrefix  = "arXiv",
      primaryClass   = "hep-ph",
      reportNumber   = "FERMILAB-FN-1025-T, CERN-2017-002-M",
      SLACcitation   = "%%CITATION = ARXIV:1610.07922;%%"
}

%%%%%%%%%%%%%%%%%%%%%%%%%%%%%%%%%%%
% Statistical analysis
%%%%%%%%%%%%%%%%%%%%%%%%%%%%%%%%%%%

@article{Junk:1999kv,
      author         = "Junk, Thomas",
      title          = "{Confidence level computation for combining searches with
                        small statistics}",
      journal        = "Nucl. Instrum. Meth. A",
      volume         = "434",
      pages          = "435",
      doi            = "10.1016/S0168-9002(99)00498-2",
      year           = "1999",
      eprint         = "hep-ex/9902006",
      archivePrefix  = "arXiv",
      reportNumber   = "CARLETON-OPAL-PHYS-99-01, CERN-EP-99-041",
      SLACcitation   = "%%CITATION = HEP-EX/9902006;%%",
}

@article{Read:2002hq,
      author         = "Read, Alexander L.",
      title          = "{Presentation of search results: The $CL_S$ technique}",
      journal        = "J. Phys. G",
      volume         = "28",
      pages          = "2693",
      doi            = "10.1088/0954-3899/28/10/313",
      year           = "2002",
      SLACcitation   = "%%CITATION = JPAGA,G28,2693;%%",
}

@article{Cowan:2010js,
      author         = "Cowan, Glen and Cranmer, Kyle and Gross, Eilam and
                        Vitells, Ofer",
      title          = "{Asymptotic formulae for likelihood-based tests of new
                        physics}",
      journal        = "Eur. Phys. J. C",
      volume         = "71",
      pages          = "1554",
      doi            = "10.1140/epjc/s10052-011-1554-0",
      year           = "2011",
      eprint         = "1007.1727",
      archivePrefix  = "arXiv",
      primaryClass   = "physics.data-an",
      SLACcitation   = "%%CITATION = ARXIV:1007.1727;%%",
}

@article{ErratumCowan:2010js,
      author         = "Cowan, Glen and Cranmer, Kyle and Gross, Eilam and
                        Vitells, Ofer",
      title          = "{Erratum to: Asymptotic formulae for likelihood-based tests of new
                        physics}",
      journal        = "Eur. Phys. J. C",
      volume         = "73",
      pages          = "2501",
      doi            = "10.1140/epjc/s10052-013-2501-z",
      year           = "2013",
}

@article{Verkerke:2003ir,
      author         = "Verkerke, Wouter and Kirkby, David P.",
      title          = "{The RooFit toolkit for data modeling}",
      journal        = "eConf",
      volume         = "C0303241",
      pages          = "MOLT007",
      year           = "2003",
      eprint         = "physics/0306116",
      archivePrefix  = "arXiv",
      primaryClass   = "physics.data-an",
      reportNumber   = "CHEP-2003-MOLT007",
      SLACcitation   = "%%CITATION = PHYSICS/0306116;%%",
}

@booklet{RooFitManual,
  author        = "Wouter Verkerke and David Kirkby",
  title         = "RooFit Users Manual",
  note ="\url{http://roofit.sourceforge.net/}",
}
